@article{stommel1961thermohaline,
  title={Thermohaline convection with two stable regimes of flow},
  author={Stommel, Henry},
  journal={Tellus},
  volume={13},
  number={2},
  pages={224--230},
  year={1961},
  publisher={Taylor \& Francis}
}

@book{dijkstra2013nonlinear,
  title={Nonlinear climate dynamics},
  author={Dijkstra, Henk A},
  year={2013},
  publisher={Cambridge University Press}
}

@article{haberman1979slowly,
  title={Slowly varying jump and transition phenomena associated with algebraic bifurcation problems},
  author={Haberman, Richard},
  journal={SIAM Journal on Applied Mathematics},
  volume={37},
  number={1},
  pages={69--106},
  year={1979},
  publisher={SIAM}
}

@article{zhu2015tipping,
  title={Tipping points near a delayed saddle node bifurcation with periodic forcing},
  author={Zhu, Jielin and Kuske, Rachel and Erneux, Thomas},
  journal={SIAM journal on applied dynamical systems},
  volume={14},
  number={4},
  pages={2030--2068},
  year={2015},
  publisher={SIAM}
}

@book{bernardo2008piecewise,
  title={Piecewise-smooth dynamical systems: theory and applications},
  author={Bernardo, Mario and Budd, Chris and Champneys, Alan Richard and Kowalczyk, Piotr},
  volume={163},
  year={2008},
  publisher={Springer Science \& Business Media}
}

@article{alley2003abrupt,
  title={Abrupt climate change},
  author={Alley, Richard B and Marotzke, Jochem and Nordhaus, William D and Overpeck, Jonathan T and Peteet, Dorothy M and Pielke, Roger A and Pierrehumbert, RT and Rhines, PB and Stocker, TF and Talley, LD and others},
  journal={science},
  volume={299},
  number={5615},
  pages={2005--2010},
  year={2003},
  publisher={American Association for the Advancement of Science}
}

@article{marotzke2000abrupt,
  title={Abrupt climate change and thermohaline circulation: Mechanisms and predictability},
  author={Marotzke, Jochem},
  journal={Proceedings of the National Academy of Sciences},
  volume={97},
  number={4},
  pages={1347--1350},
  year={2000},
  publisher={National Acad Sciences}
}

@article{rahmstorf2000thermohaline,
  title={The thermohaline ocean circulation: A system with dangerous thresholds?},
  author={Rahmstorf, Stefan},
  journal={Climatic Change},
  volume={46},
  number={3},
  pages={247--256},
  year={2000},
  publisher={Springer}
}

@article{rahmstorf2002ocean,
  title={Ocean circulation and climate during the past 120,000 years},
  author={Rahmstorf, Stefan},
  journal={Nature},
  volume={419},
  number={6903},
  pages={207--214},
  year={2002},
  publisher={Nature Publishing Group}
}

@article{angeli2004detection,
  title={Detection of multistability, bifurcations, and hysteresis in a large class of biological positive-feedback systems},
  author={Angeli, David and Ferrell, James E and Sontag, Eduardo D},
  journal={Proceedings of the National Academy of Sciences},
  volume={101},
  number={7},
  pages={1822--1827},
  year={2004},
  publisher={National Acad Sciences}
}
@article{clemson2014discerning,
  title={Discerning non-autonomous dynamics},
  author={Clemson, Philip T and Stefanovska, Aneta},
  journal={Physics Reports},
  volume={542},
  number={4},
  pages={297--368},
  year={2014},
  publisher={Elsevier}
}

@article{stastna2007box,
  title={On box models of the North Atlantic thermohaline circulation: Intrinsic and extrinsic millennial timescale variability in response to deterministic and stochastic forcing},
  author={Stastna, M and Peltier, WR},
  journal={Journal of Geophysical Research: Oceans},
  volume={112},
  number={C10},
  year={2007},
  publisher={Wiley Online Library}
}
@article{sanchez1996method,
  title={The method of multiple scales: asymptotic solutions and normal forms for nonlinear oscillatory problems},
  author={Sanchez, Nestor E},
  journal={Journal of Symbolic Computation},
  volume={21},
  number={2},
  pages={245--252},
  year={1996},
  publisher={Elsevier}
}

@article{erneux1989jump,
  title={Jump transition due to a time-dependent bifurcation parameter in the bistable ioadate--arsenous acid reaction},
  author={Erneux, T and Laplante, JP},
  journal={The Journal of Chemical Physics},
  volume={90},
  number={11},
  pages={6129--6134},
  year={1989},
  publisher={AIP}
}

@article{jung1990scaling,
  title={Scaling law for dynamical hysteresis},
  author={Jung, Peter and Gray, George and Roy, Rajarshi and Mandel, Paul},
  journal={Physical review letters},
  volume={65},
  number={15},
  pages={1873},
  year={1990},
  publisher={APS}
}

@article{hohl1995scaling,
  title={Scaling laws for dynamical hysteresis in a multidimensional laser system},
  author={Hohl, Angela and Van der Linden, HJC and Roy, Rajarshi and Goldsztein, Guillermo and Broner, Fernando and Strogatz, Steven H},
  journal={Physical review letters},
  volume={74},
  number={12},
  pages={2220},
  year={1995},
  publisher={APS}
}

@article{joshi2005dynamical,
  title={Dynamical hysteresis in a three-level atomic system},
  author={Joshi, Amitabh and Yang, Wenge and Xiao, Min},
  journal={Optics letters},
  volume={30},
  number={8},
  pages={905--907},
  year={2005},
  publisher={Optical Society of America}
}

@book{murray2012asymptotic,
  title={Asymptotic analysis},
  author={Murray, James Dickson},
  volume={48},
  year={2012},
  publisher={Springer Science \& Business Media}
}

@book{bensoussan2011asymptotic,
  title={Asymptotic analysis for periodic structures},
  author={Bensoussan, Alain and Lions, Jacques-Louis and Papanicolaou, George},
  volume={374},
  year={2011},
  publisher={American Mathematical Soc.}
}

@article{roberts2017relaxation,
  title={Relaxation oscillations in an idealized ocean circulation model},
  author={Roberts, Andrew and Saha, Raj},
  journal={Climate Dynamics},
  volume={48},
  number={7-8},
  pages={2123--2134},
  year={2017},
  publisher={Springer}
}

@article{huybers2005obliquity,
  title={Obliquity pacing of the late Pleistocene glacial terminations},
  author={Huybers, Peter and Wunsch, Carl},
  journal={Nature},
  volume={434},
  number={7032},
  pages={491},
  year={2005},
  publisher={Nature Publishing Group}
}

@article{ganopolski2001climber,
  title={CLIMBER-2: a climate system model of intermediate complexity. Part II: model sensitivity},
  author={Ganopolski, A and Petoukhov, V and Rahmstorf, S and Brovkin, Victor and Claussen, Martin and Eliseev, A and Kubatzki, Claudia},
  journal={Climate Dynamics},
  volume={17},
  number={10},
  pages={735--751},
  year={2001},
  publisher={Springer}
}

@article{rahmstorf2005thermohaline,
  title={Thermohaline circulation hysteresis: A model intercomparison},
  author={Rahmstorf, Stefan and Crucifix, Michel and Ganopolski, Andrey and Goosse, Hugues and Kamenkovich, Igor and Knutti, Reto and Lohmann, Gerrit and Marsh, Robert and Mysak, Lawrence A and Wang, Zhaomin and others},
  journal={Geophysical Research Letters},
  volume={32},
  number={23},
  year={2005},
  publisher={Wiley Online Library}
}

@article{zickfeld2004low,
  title={A low-order model for the response of the Atlantic thermohaline circulation to climate change},
  author={Zickfeld, Kirsten and Slawig, Thomas and Rahmstorf, Stefan},
  journal={Ocean Dynamics},
  volume={54},
  number={1},
  pages={8--26},
  year={2004},
  publisher={Springer}
}

@article{caesar2018AMOC,
  title={Observed fingerprint of a weakening Atlantic Ocean overturning circulation},
  author={Caesar, Levke and Rahmstorf, Stefan and Robinson, Alexander and Feulner, Georg and Saba, V},
  journal={Nature},
  volume={556},
  number={1},
  pages={191--196},
  year={2018},
  publisher={Nature Publishing Group}
}

